%! Author = ben
%! Date = 24.08.2024

@online{bitkom-it-mangel,
    author = {{Bitkom e.V.}},
    title = {IT-Fachkräftelücke wird größer: 96.000 offene Jobs},
    date = {2024-08-24},
    url = {https://www.bitkom.org/Presse/Presseinformation/IT-Fachkraefteluecke-wird-groesser},
}

@online{nextjs,
    author = {{Vercel Inc.}},
    title = {Next.js by Vercel - The React Framework},
    date = {2024-09-12},
    url = {https://nextjs.org},
}

@online{socketio,
    author = {{Automattic Inc.}},
    title = {Socket.IO},
    date = {2024-09-12},
    url = {https://socket.io},
}

@online{turborepo,
    author = {{Vercel Inc.}},
    title = {Introduction | Turborepo},
    date = {2024-09-12},
    url = {https://turbo.build/repo/docs},
}

@online{chakraui,
    author = {Segun Adebayo},
    title = {Chakra UI},
    date = {2024-09-13},
    url = {https://chakra-ui.com},
}

@online{react,
    author = {{Meta Platforms, Inc.}},
    title = {React},
    date = {2024-09-14},
    url = {https://react.dev},
}

@online{jwt,
    author = {{Auth0 Inc.}},
    title = {JSON Web Tokens - jwt.io},
    date = {2024-09-14},
    url = {https://jwt.io},
}

@online{webstorm,
    author = {{JetBrains s.r.o.}},
    title = {WebStorm: die JavaScript- und TypeScript-IDE von JetBrains},
    date = {2024-09-14},
    url = {https://www.jetbrains.com/de-de/webstorm/},
}

@online{gpt4o-mini,
    author = {{OpenAI Inc.}},
    title = {GPT-4o mini: advancing cost-efficient intelligence | OpenAI},
    date = {2024-09-15},
    url = {https://openai.com/index/gpt-4o-mini-advancing-cost-efficient-intelligence/},
}

@online{libretranslate,
    author = {{LibreTranslate Mitwirkende}},
    title = {LibreTranslate - Freie und quelloffene API für maschinelle Übersetzung},
    date = {2024-09-15},
    url = {https://de.libretranslate.com/},
}

@online{rrweb,
    author = {{rrweb Mitwirkende}},
    title = {rrweb | Open source web session replay library},
    date = {2024-09-15},
    url = {https://www.rrweb.io/},
}

@online{blockly,
    author = {{Google LLC}},
    title = {Blockly | Google for Developers},
    date = {2024-09-15},
    url = {https://developers.google.com/blockly},
}

@online{plantuml,
    author = {{PlantUML Mitwirkende}},
    title = {Open-Source-Tool, das einfache Textbeschreibungen verwendet UML-Diagramme zu zeichnen.},
    date = {2024-09-15},
    url = {https://plantuml.com/de/},
}

@online{webcontainer,
    author = {{StackBlitz, Inc.}},
    title = {WebContainers - Dev environments. In your web app. | WebContainers},
    date = {2024-09-15},
    url = {https://webcontainers.io/},
}

@online{monaco,
    author = {{Microsoft Corporation}},
    title = {Monaco Editor},
    date = {2024-09-15},
    url = {https://microsoft.github.io/monaco-editor/},
}

@online{react-native,
    author = {{Meta Platforms, Inc.}},
    title = {React Native · Learn once, write anywhere},
    date = {2024-09-15},
    url = {https://reactnative.dev/},
}

@online{native-base,
    author = {{GeekyAnts India Pvt Ltd}},
    title = {NativeBase: Universal Components for React \& React Native},
    date = {2024-09-15},
    url = {https://nativebase.io/},
}

@online{expo,
    author = {{650 Industries, Inc.}},
    title = {Expo},
    date = {2024-09-15},
    url = {https://expo.dev/},
}

@online{react-native-webview,
    author = {{react-native-webview Mitwirkende}},
    title = {react-native-webview - npm},
    date = {2024-09-15},
    url = {https://www.npmjs.com/package/react-native-webview},
}
